@article{dworczak-2020,
  author          = {Piotr Dworczak and Scott Duke Kominers and Mohammad Akbarpour},
  title           = {Redistribution through Markets},
  journal         = {Working Paper},
  volume          = {},
  number          = {},
  year            = {2020}
}

@article{budish-2011,
  author          = {Eric Budish},
  title           = {The Combinatorial Assignment Problem: Approximate Competitive Equilibrium from Equal Incomes},
  journal         = {Journal of Political Economy},
  volume          = {119},
  number          = {6},
  year            = {2011}
}

@article{babaioff-2019,
  author          = {Moshe Babaioff and Noam Nisan and Inbal Talgam-Cohen},
  title           = {Fair Allocation through Competitive Equilibrium from Generic Incomes},
  journal         = {â€™19: Conference on Fairness, Accountability, and Transparency},
  volume          = {},
  number          = {},
  year            = {2019}
}

@article{prendergast-2017,
  author          = {Canice Prendergast},
  title           = {How Food Banks Use Markets to Feed the Poor},
  journal         = {Journal of Economic Perspectives},
  volume          = {31},
  number          = {4},
  year            = {2017}
}

@article{avery-2020,
  author          = {Christopher Avery and Parag Pathak},
  title           = {The Distributional Consequences of Public School Choice},
  journal         = {American Economic Review},
  volume          = {111},
  number          = {1},
  year            = {2021}
}

@article{pathak-2011,
  author          = {Parag Pathak},
  title           = {The Mechanism Design Approach to Student Assignment},
  journal         = {Annual Review of Economics},
  volume          = {3},
  number          = {},
  year            = {2011}
}

