@article{vickrey-1969,
  author= {William Vickrey},
  title = {Congestion Theory and Transport Investment},
  journal = {American Economic Review},
  volume = 59,
  number = 2,
  pages = {251--260},
  year = 1969
}

@inproceedings{das-2017,
  author          = {Sanmay Das and Emir Kamenica and Renee Mirka},
  title           = {Reducing Congestion Through Information Design},
  booktitle       = {55th Annual Allerton Conference on Communication, Control, and Computing},
  editor          = {},
  year            = {2017}
}

@article{ostrovsky-2018,
  author          = {Michael Ostrovsky and Michael Schwarz},
  title           = {Carpooling and the Economics of Self-Driving Cars},
  journal         = {NBER Working Paper},
  volume          = {},
  number          = {},
  year            = {2018}
}

@article{eliasson-2006,
  author          = {Jonas Eliasson and Lars-Göran Mattsson},
  title           = {Equity effects of congestion pricing: Quantitative methodology and a case study for Stockholm},
  journal         = {Transportation Research Part A: Policy and Practice},
  volume          = {40},
  year            = {2006}
}

@article{acemoglu-2016,
  author          = {Daron Acemoglu and Ali Makhdoumi and Azarakhsh Malekian and Asu Ozdaglar},
  title           = {Informational Braess’ Paradox: The Effect of Information on Traffic Congestion},
  journal         = {Operations Research},
  volume          = {66},
  number          = {4},
  year            = {2016}
}

@article{bergemann-2019,
  author          = {Dirk Bergemann and Stephen Morris},
  title           = {Information Design: A Unified Perspective},
  journal         = {Journal of Economic Literature},
  volume          = {57},
  number          = {1},
  year            = {2019}
}

@article{arnott-1991,
  author          = {Richard Arnott and Andre de Palma and Robin Lindsey},
  title           = {Does Providing Information to Drivers Reduce Traffic Congestion?},
  journal         = {Transportation Research Part A: General},
  volume          = {25},
  number          = {5},
  year            = {1991}
}

@article{kamenica-2011,
  author          = {Emir Kamenica and Matthew Gentzkow},
  title           = {Bayesian Persuasion},
  journal         = {American Economic Review},
  volume          = {101},
  number          = {6},
  year            = {2011}
}

@article{roughgarden-2002,
  author          = {Tim Roughgarden and Eva Tardós},
  title           = {How Bad is Selfish Routing?},
  journal         = {Journal of the ACM},
  volume          = {49},
  number          = {2},
  year            = {2002}
}

@article{kreindler-2018,
  author          = {Gabriel E. Kreindler},
  title           = {The Welfare Effect of Road Congestion Pricing: Experimental Evidence and Equilibrium Implications},
  journal         = {NBER Working Paper},
  volume          = {},
  number          = {},
year            = {2018}
}

@article{arnott-1994,
  author          = {Richard Arnott and André de Palma and Robin Lindsey},
  title           = {The Welfare Effects of Congestion Tolls with Heterogeneous Consumers},
  journal         = {Journal of Transport Economics and Policy},
  volume          = {28},
  number          = {2},
  year            = {1994}
}

@article{bryan-2020,
  author          = {Gharad Bryan and Edward Glaeser and Nick Tsivanidis},
  title           = {Cities in the Developing World},
  journal         = {Annual Reviews of Economics},
  volume          = {12},
  number          = {},
  year            = {2020}
}

@article{avery-2021,
  author          = {Christopher Avery and Parag A. Pathak},
  title           = {The Distributional Consequences of Public School Choice},
  journal         = {American Economic Review},
  volume          = {111},
  number          = {1},
  year            = {2021}
}

@article{arnott-1990,
  author          = {R. Arnott and A. de Palma and R. Lindsey},
  title           = {Departure Time and Route Choice for the Morning Commute},
  journal         = {Transportation Research Part B: Methodological},
  volume          = {24},
  number          = {3},
  year            = {1990}
}

@article{small-1983,
  author          = {Kenneth A. Small},
  title           = {The Incidence of Congestion Tolls on Urban Highways},
  journal         = {Journal of Urban Economics},
  volume          = {13},
  number          = {1},
  year            = {1983}
}

@article{fleming-2018,
  author          = {Sean Fleming},
  title           = {Traffic congestion cost the US economy nearly \$87 billion in 2018},
  journal         = {World Economic Forum},
  year            = {2018}
}

@article{olszweski-2005,
  author          = {Piotr Olszewski and Litian Xie},
  title           = {Modelling the effects of road pricing on traffic in Singapore},
  journal         = {Transportation Research Part A},
  volume          = {39},
  number          = {},
  year            = {2005}
}

@article{steinberg-1983,
  author          = {Richard Steinberg and Willard I. Zangwill},
  title           = {The Prevalence of Braess' Paradox},
  journal         = {Transportation Science},
  volume          = {17},
  number          = {3},
  year            = {1983}
}

@article{ben-akiva-1991,
  author          = {Moshe Ben-Akiva and Andre de Palma and Isam Kaysi},
  title           = {Dynamic Network Models and Driver Information Systems},
  journal         = {Transportation Research Part A: Policy and Practice},
  volume          = {25A},
  number          = {5},
  year            = {1991}
}